<collection xmlns="http://www.loc.gov/MARC21/slim">
<record>
  <leader>00896nam0a2200205 i 450 </leader>
  <controlfield tag="001">IT\ICCU\CNCE\001657</controlfield>
  <controlfield tag="005">19981216000000.0</controlfield>
  <datafield tag="012" ind1=" " ind2=" ">
    <subfield code="a">ute, leua tet- a.li (C) 1598 (A)</subfield>
    <subfield code="2">fei</subfield>
  </datafield>
  <datafield tag="100" ind1=" " ind2=" ">
    <subfield code="a">19970101d1598        0itac0103    ba</subfield>
  </datafield>
  <datafield tag="101" ind1=" " ind2=" ">
    <subfield code="a">ITA</subfield>
  </datafield>
  <datafield tag="102" ind1=" " ind2=" ">
    <subfield code="a">IT</subfield>
  </datafield>
  <datafield tag="200" ind1="1" ind2=" ">
    <subfield code="a">Ampla, et vera descrittione delle cerimonie ... della perpetua pace stabilita tra le due Maest ̉et il ser. Duca di Sauoia. Nella chiesa di Nostra Donna di Parigi, li 21 giugno, 1598</subfield>
  </datafield>
  <datafield tag="210" ind1=" " ind2=" ">
    <subfield code="a">In Torino</subfield>
    <subfield code="c">appresso Gio. Michele Cauallerij</subfield>
    <subfield code="d">1598</subfield>
  </datafield>
  <datafield tag="215" ind1=" " ind2=" ">
    <subfield code="a">8 p.</subfield>
    <subfield code="d">4ʻ</subfield>
  </datafield>
  <datafield tag="620" ind1=" " ind2=" ">
    <subfield code="a">IT</subfield>
    <subfield code="d">Torino</subfield>
  </datafield>
  <datafield tag="712" ind1="0" ind2="0">
    <subfield code="a">Cavalleri, Giovanni Michele</subfield>
    <subfield code="3">IT\ICCU\CNCT\000585</subfield>
    <subfield code="4">650</subfield>
  </datafield>
  <datafield tag="791" ind1="0" ind2="0">
    <subfield code="a">Cavallerijs, Io. Michael de</subfield>
    <subfield code="3">IT\ICCU\CNCT\004559</subfield>
    <subfield code="z">Cavalleri, Giovanni Michele</subfield>
  </datafield>
  <datafield tag="791" ind1="0" ind2="0">
    <subfield code="a">Cavalleris, Gio. Michele</subfield>
    <subfield code="3">IT\ICCU\CNCT\004563</subfield>
    <subfield code="z">Cavalleri, Giovanni Michele</subfield>
  </datafield>
  <datafield tag="801" ind1=" " ind2="3">
    <subfield code="a">IT</subfield>
    <subfield code="b">ICCU</subfield>
    <subfield code="c">20201113</subfield>
  </datafield>
  <datafield tag="899" ind1=" " ind2=" ">
    <subfield code="a">Biblioteca Reale. Torino</subfield>
    <subfield code="1">TO0263</subfield>
    <subfield code="2">TO0 07</subfield>
  </datafield>
</record>
</collection>
